@online{ray-based,
    author = "A.J. van der Ploeg",
    title = "Interactive ray tracing, the replacement of rasterization?",
    url  = "http://www.few.vu.nl/~kielmann/theses/avdploeg.pdf",
    keywords = "ray-tracing"
}

@article{dqn,
    author = "Google deep mind",
    title = "{Human-level control through deep reinforcement learning}",
    journal = "Nature",
    year = "2015",
    DOI = "http://www.nature.com/doifinder/10.1038/nature14236",
    keywords = "physics"
}
